<?xml version="1.0" encoding="UTF-8" ?><marc:collection xmlns:marc="http://www.loc.gov/MARC21/slim" xmlns:xsi="http://www.w3.org/2001/XMLSchema-instance" xsi:schemaLocation="http://www.loc.gov/MARC21/slim http://www.loc.gov/standards/marcxml/schema/MARC21slim.xsd">
<marc:record><marc:leader>01498nam a2200265 u 4500</marc:leader>
<marc:controlfield tag="008">230607s2015    sw a                swe||</marc:controlfield>
<marc:datafield tag="020" ind1=" " ind2=" "><marc:subfield code="a">9789137146348</marc:subfield><marc:subfield code="q">paperback</marc:subfield></marc:datafield><marc:datafield tag="040" ind1=" " ind2=" "><marc:subfield code="a">PU</marc:subfield><marc:subfield code="b">eng</marc:subfield><marc:subfield code="c">PU</marc:subfield><marc:subfield code="e">rda</marc:subfield></marc:datafield><marc:datafield tag="043" ind1=" " ind2=" "><marc:subfield code="a">e-sw---</marc:subfield></marc:datafield><marc:datafield tag="050" ind1=" " ind2="4"><marc:subfield code="a">PT9876.19.N45</marc:subfield><marc:subfield code="b">V555</marc:subfield></marc:datafield><marc:datafield tag="100" ind1="1" ind2=" "><marc:subfield code="a">Ingelman-Sundberg, C.</marc:subfield><marc:subfield code="e">Author</marc:subfield><marc:subfield code="0">http://id.loc.gov/authorities/names/n79087059</marc:subfield></marc:datafield><marc:datafield tag="245" ind1="1" ind2="0"><marc:subfield code="a">Vikingasilver</marc:subfield><marc:subfield code="b">en storslagen historisk roman om Birka</marc:subfield><marc:subfield code="c">Catharina Ingelman-Sundberg</marc:subfield></marc:datafield><marc:datafield tag="250" ind1=" " ind2=" "><marc:subfield code="a">Första utgåva</marc:subfield></marc:datafield><marc:datafield tag="264" ind1=" " ind2="1"><marc:subfield code="a">Stockholm</marc:subfield><marc:subfield code="b">Bokförlaget Forum</marc:subfield><marc:subfield code="c">2015</marc:subfield></marc:datafield><marc:datafield tag="300" ind1=" " ind2=" "><marc:subfield code="a">312 pages</marc:subfield><marc:subfield code="b">Maps</marc:subfield><marc:subfield code="c">22 cm</marc:subfield></marc:datafield><marc:datafield tag="336" ind1=" " ind2=" "><marc:subfield code="a">text</marc:subfield><marc:subfield code="b">txt</marc:subfield><marc:subfield code="0">http://id.loc.gov/vocabulary/contentTypes/txt</marc:subfield><marc:subfield code="2">rdacontent</marc:subfield></marc:datafield><marc:datafield tag="337" ind1=" " ind2=" "><marc:subfield code="a">unmediated</marc:subfield><marc:subfield code="b">n</marc:subfield><marc:subfield code="0">http://id.loc.gov/vocabulary/mediaTypes/n</marc:subfield><marc:subfield code="2">rdamedia</marc:subfield></marc:datafield><marc:datafield tag="338" ind1=" " ind2=" "><marc:subfield code="a">volume</marc:subfield><marc:subfield code="b">nc</marc:subfield><marc:subfield code="0">http://id.loc.gov/vocabulary/carriers/nc</marc:subfield><marc:subfield code="2">rdacarrier</marc:subfield></marc:datafield><marc:datafield tag="650" ind1=" " ind2="7"><marc:subfield code="a">Middle Ages</marc:subfield><marc:subfield code="2">fast</marc:subfield><marc:subfield code="0">http://id.worldcat.org/fast/1020301</marc:subfield></marc:datafield><marc:datafield tag="650" ind1=" " ind2="7"><marc:subfield code="a">Vikings</marc:subfield><marc:subfield code="2">fast</marc:subfield><marc:subfield code="0">http://id.worldcat.org/fast/1166937</marc:subfield></marc:datafield><marc:datafield tag="651" ind1=" " ind2="0"><marc:subfield code="a">Birka (Sweden)</marc:subfield><marc:subfield code="0">http://id.loc.gov/authorities/names/n81047935</marc:subfield></marc:datafield><marc:datafield tag="655" ind1=" " ind2="7"><marc:subfield code="a">Historical fiction</marc:subfield><marc:subfield code="0">http://id.loc.gov/authorities/genreForms/gf2014026370</marc:subfield><marc:subfield code="2">lcgft</marc:subfield></marc:datafield><marc:datafield tag="655" ind1=" " ind2="7"><marc:subfield code="a">Novels</marc:subfield><marc:subfield code="0">http://id.loc.gov/authorities/genreForms/gf2015026020</marc:subfield><marc:subfield code="2">lcgft</marc:subfield></marc:datafield><marc:datafield tag="758" ind1=" " ind2=" "><marc:subfield code="4">http://id.loc.gov/ontologies/bibframe/instanceOf</marc:subfield><marc:subfield code="i">Instance of:</marc:subfield><marc:subfield code="a">Vikingasilver</marc:subfield><marc:subfield code="0">https://api.stage.sinopia.io/resource/4dd549fe-cb14-4076-a31c-ea63eb55a3be</marc:subfield></marc:datafield><marc:datafield tag="884" ind1=" " ind2=" "><marc:subfield code="a">Sinopia rdf2marc</marc:subfield><marc:subfield code="g">20230723</marc:subfield><marc:subfield code="k">https://api.stage.sinopia.io/resource/cbed00b0-5100-478e-9b38-aacde9ef8176</marc:subfield><marc:subfield code="u">https://github.com/LD4P/rdf2marc</marc:subfield></marc:datafield></marc:record>
</marc:collection>
